<?xml version="1.0" encoding="UTF-8"?><record xmlns="http://www.loc.gov/MARC21/slim" xmlns:cinclude="http://apache.org/cocoon/include/1.0" xmlns:zs="http://www.loc.gov/zing/srw/">
  <leader>00622nz  a2200181n  4500</leader>
  <controlfield tag="001">no2009042024</controlfield>
  <controlfield tag="003">DLC</controlfield>
  <controlfield tag="005">20090320075452.0</controlfield>
  <controlfield tag="008">090318n| acannaabn          |b aaa     c</controlfield>
  <datafield tag="010" ind1=" " ind2=" ">
    <subfield code="a">no2009042024</subfield>
  </datafield>
  <datafield tag="035" ind1=" " ind2=" ">
    <subfield code="a">(OCoLC)oca08050022</subfield>
  </datafield>
  <datafield tag="040" ind1=" " ind2=" ">
    <subfield code="a">NjP</subfield>
    <subfield code="b">eng</subfield>
    <subfield code="c">NjP</subfield>
  </datafield>
  <datafield tag="100" ind1="1" ind2=" ">
    <subfield code="a">Eliaz, Yoad</subfield>
  </datafield>
  <datafield tag="400" ind1="1" ind2=" ">
    <subfield code="a">אליעז, יועד</subfield>
  </datafield>
  <datafield tag="400" ind1="1" ind2=" ">
    <subfield code="a">Ilīʻaz, Yūʻād</subfield>
  </datafield>
  <datafield tag="400" ind1="1" ind2=" ">
    <subfield code="a">اليعز، يوعاد</subfield>
  </datafield>
  <datafield tag="667" ind1=" " ind2=" ">
    <subfield code="a">Non-Latin script references not evaluated.</subfield>
  </datafield>
  <datafield tag="670" ind1=" " ind2=" ">
    <subfield code="a">Erets/ṭeḳsṭ, c2008:</subfield>
    <subfield code="b">t.p. (יועד אליעז = Yoʻad Eliʻaz) t.p. verso (Yoad Eliaz [in rom.]; يوعاد اليعز = Yūʻād Ilīʻaz [in Ara.])</subfield>
  </datafield>
</record>